@article{Felzenszwalb2004,
  author = {Felzenszwalb, Pedro F. and Huttenlocher, Daniel P.},
  title = {Efficient graph-based image segmentation},
  journal = {Int. J. Comput. Vis.},
  volume = {59},
  number = {2},
  pages = {167--181},
  year = {2004},
  doi = {10.1023/B:VISI.0000022288.19776.77}
}

@article{Saglam2016,
  author = {Saglam, Ali and Baykan, Nurdan Akhan},
  title = {Parallelization of a Hierarchical Graph-Based Image Segmentation using {OpenMP}},
  journal = {Applied Mathematics, Electronics and Computers (IJAMEC)},
  year = {2016},
  volume = {4},
  number = {Special Issue},
  pages = {6--11},
  publisher = {Advanced Technology \& Science},
  issn = {2147-8228, 2147-6799},
  note = {Presented at the 3rd International Conference on Advanced Technology \& Sciences (ICAT'16), Konya, Turkey, September 01-03, 2016},
  keywords = {Parallel programming, Image segmentation, Graph, OpenMP}
}

@article{Dezso2012,
  author = {Dezső, Balázs and Giachetta, Roberto and László, István and Fekete, István},
  title = {Experimental Study on Graph-Based Image Segmentation Methods in the Classification of Satellite Images},
  journal = {EARSeL eProceedings},
  volume = {11},
  number = {1},
  pages = {12--27},
  year = {2012},
  doi = {10.12760/01-2012-1-02},
  institution = {Eötvös Loránd University, Institute of Geodesy, Cartography and Remote Sensing (FÖMI)},
  keywords = {Graph-based image segmentation, satellite image classification, remote sensing, crop mapping}
}

@article{Maass1997,
  author = {Maass, Wolfgang},
  title = {Networks of spiking neurons: The third generation of neural network models},
  journal = {Neural Networks},
  volume = {10},
  number = {9},
  pages = {1659--1671},
  year = {1997},
  doi = {10.1016/S0893-6080(97)00011-7}
}

@article{Haralick1985,
  author = {Haralick, Robert M. and Shapiro, Linda G.},
  title = {Image segmentation techniques},
  journal = {Computer vision, graphics, and image processing},
  volume = {29},
  number = {1},
  pages = {100--132},
  year = {1985},
  doi = {10.1016/S0734-189X(85)90153-7}
}

@article{Minaee2021,
  author = {Minaee, Shervin and Boykov, Yuri and Porikli, Fatih and Plaza, Antonio and Kehtarnavaz, Nasser and Terzopoulos, Demetri},
  title = {Image Segmentation Using Deep Learning: A Survey},
  journal = {IEEE Transactions on Pattern Analysis and Machine Intelligence},
  volume = {43},
  number = {9},
  pages = {3523--3542},
  year = {2021},
  doi = {10.1109/TPAMI.2021.3059968}
}

@article{Shi2000,
  author = {Shi, Jianbo and Malik, Jitendra},
  title = {Normalized cuts and image segmentation},
  journal = {IEEE Transactions on Pattern Analysis and Machine Intelligence},
  volume = {22},
  number = {8},
  pages = {888--905},
  year = {2000},
  doi = {10.1109/34.868688}
}

@article{Mead1990,
  author = {Mead, Carver},
  title = {Neuromorphic electronic systems},
  journal = {Proceedings of the IEEE},
  volume = {78},
  number = {10},
  pages = {1629--1636},
  year = {1990},
  doi = {10.1109/5.58356}
}

@article{Achanta2012,
  author = {Achanta, Radhakrishna and Shaji, Appu and Smith, Kevin and Lucchi, Aurelien and Fua, Pascal and Süsstrunk, Sabine},
  title = {SLIC Superpixels Compared to State-of-the-Art Superpixel Methods},
  journal = {IEEE Transactions on Pattern Analysis and Machine Intelligence},
  volume = {34},
  number = {11},
  pages = {2274--2282},
  year = {2012},
  doi = {10.1109/TPAMI.2012.120}
}

@inproceedings{Chase2005,
  author = {Chase, David and Lev, Yossi},
  title = {Dynamic Circular Work-Stealing Deque},
  booktitle = {Proceedings of the Seventeenth Annual ACM Symposium on Parallelism in Algorithms and Architectures},
  series = {SPAA '05},
  year = {2005},
  pages = {21--28},
  doi = {10.1145/1073970.1073974}
}

@article{Ronneberger2015,
  author = {Ronneberger, Olaf and Fischer, Philipp and Brox, Thomas},
  title = {U-Net: Convolutional Networks for Biomedical Image Segmentation},
  journal = {Medical Image Computing and Computer-Assisted Intervention -- MICCAI 2015},
  year = {2015},
  pages = {234--241},
  publisher = {Springer International Publishing},
  doi = {10.1007/978-3-319-24574-4_28}
}

@article{Davies2018,
  author = {Davies, Mike and Srinivasa, Narayan and Lin, Tsung-Han and Chinya, Gautham and Cao, Yongqiang and Choday, Sri Harsha and Dimou, Georgios and Joshi, Prasad and Imam, Nabil and Jain, Shweta and Liao, Yuyun and Lin, Chit-Kwan and Lines, Andrew and Liu, Ruokun and Mathaikutty, Deepak and McCoy, Steven and Paul, Arnab and Tse, Jonathan and Venkataramanan, Guruguhanathan and Weng, Yi-Hsin and Wild, Andreas and Yang, Yoonseok and Wang, Hong},
  title = {Loihi: A Neuromorphic Manycore Processor with On-Chip Learning},
  journal = {IEEE Micro},
  volume = {38},
  number = {1},
  pages = {82--99},
  year = {2018},
  doi = {10.1109/MM.2018.112130359}
}

@article{Akopyan2015,
  author = {Akopyan, Filipp and Sawada, Jun and Cassidy, Andrew and Alvarez-Icaza, Rodrigo and Arthur, John and Merolla, Paul and Imam, Nabil and Nakamura, Yutaka and Datta, Pallab and Nam, Gi-Joon and Taba, Brian and Beeck, Michael and Brezzo, Bernard and Kuang, Jit Bipin and Manohar, Rajit and Risk, William P. and Jackson, Bryan and Modha, Dharmendra S.},
  title = {TrueNorth: Design and Tool Flow of a 65 mW 1 Million Neuron Programmable Neurosynaptic Chip},
  journal = {IEEE Transactions on Computer-Aided Design of Integrated Circuits and Systems},
  volume = {34},
  number = {10},
  pages = {1537--1557},
  year = {2015},
  doi = {10.1109/TCAD.2015.2474396}
}

@article{Muir2025,
  author = {Muir, Dylan Richard and Sheik, Sadique},
  title = {The road to commercial success for neuromorphic technologies},
  journal = {Nature Communications},
  volume = {16},
  pages = {3586},
  year = {2025},
  doi = {10.1038/s41467-025-57352-1}
}

@article{Ha2016,
  author = {Ha, Hyungjin and Im, Dongsoo and Yoo, Hoi-Jun},
  title = {A Multi-Modal Real-Time Object Recognition System Based on a 3D Spiking Neural Network Model},
  journal = {IEEE Transactions on Circuits and Systems for Video Technology},
  volume = {26},
  number = {12},
  pages = {2318--2331},
  year = {2016},
  doi = {10.1109/TCSVT.2015.2492838}
}

@article{Sun2019,
  author = {Sun, Li and Zhao, Chen and Yan, Zhiming and Liu, Pengfei and Duckett, Tom and Stolkin, Rustam},
  title = {A Novel Weakly Supervised Approach for RGB-D-Based Nuclear Waste Object Detection},
  journal = {IEEE Sensors Journal},
  volume = {19},
  number = {9},
  pages = {3487--3500},
  year = {2019},
  doi = {10.1109/JSEN.2018.2888815}
}

@article{Long2015,
  author = {Long, Jonathan and Shelhamer, Evan and Darrell, Trevor},
  title = {Fully Convolutional Networks for Semantic Segmentation},
  journal = {IEEE Transactions on Pattern Analysis and Machine Intelligence},
  volume = {39},
  number = {4},
  pages = {640--651},
  year = {2015},
  doi = {10.1109/TPAMI.2016.2572683}
}

@article{Lin2022,
  author = {Lin, Di and Dai, Jifeng and Jia, Jiaya and He, Kaiming and Sun, Jian},
  title = {ScribbleSup: Scribble-Supervised Convolutional Networks for Semantic Segmentation},
  journal = {IEEE Transactions on Pattern Analysis and Machine Intelligence},
  volume = {44},
  number = {3},
  pages = {1359--1373},
  year = {2022},
  doi = {10.1109/TPAMI.2020.3036667}
}

@article{Wang2020,
  author = {Wang, Wenguan and Tian, Jianbing and Shen, Jianbing},
  title = {Boundary Perception Guidance: A Scribble-Supervised Semantic Segmentation Approach},
  journal = {International Journal of Computer Vision},
  volume = {128},
  pages = {1962--1979},
  year = {2020},
  doi = {10.1007/s11263-020-01322-1}
}

@article{Chen2021,
  author = {Chen, Zhiding and Jiao, Jianming and Ji, Xinghao and Wang, Jiangbei and Li, Yulun and Li, Wei and Denoyer, Ludovic and Elhoseiny, Mohamed},
  title = {Weakly Supervised Object Detection With Segmentation Guidance},
  journal = {IEEE Transactions on Pattern Analysis and Machine Intelligence},
  volume = {43},
  number = {11},
  pages = {3859--3875},
  year = {2021},
  doi = {10.1109/TPAMI.2020.3010908}
}

@article{Hochreiter1997,
  author = {Hochreiter, Sepp and Schmidhuber, Jürgen},
  title = {Long Short-Term Memory},
  journal = {Neural Computation},
  volume = {9},
  number = {8},
  pages = {1735--1780},
  year = {1997},
  doi = {10.1162/neco.1997.9.8.1735}
}

@article{Hinton2006,
  author = {Hinton, Geoffrey E. and Salakhutdinov, Ruslan R.},
  title = {Reducing the Dimensionality of Data with Neural Networks},
  journal = {Science},
  volume = {313},
  number = {5786},
  pages = {504--507},
  year = {2006},
  doi = {10.1126/science.1127647}
}

@article{Fukushima1980,
  author = {Fukushima, Kunihiko},
  title = {Neocognitron: A Self-organizing Neural Network Model for a Mechanism of Pattern Recognition Unaffected by Shift in Position},
  journal = {Biological Cybernetics},
  volume = {36},
  number = {4},
  pages = {193--202},
  year = {1980},
  doi = {10.1007/BF00344251}
}

@article{He2016,
  author = {He, Kaiming and Zhang, Xiangyu and Ren, Shaoqing and Sun, Jian},
  title = {Deep Residual Learning for Image Recognition},
  journal = {IEEE Transactions on Pattern Analysis and Machine Intelligence},
  volume = {38},
  number = {11},
  pages = {2261--2269},
  year = {2016},
  doi = {10.1109/TPAMI.2016.2577031}
}

@article{Merolla2014,
  author = {Merolla, Paul A. and Arthur, John V. and Alvarez-Icaza, Rodrigo and Cassidy, Andrew S. and Sawada, Jun and Akopyan, Filipp and Jackson, Bryan L. and Imam, Nabil and Guo, Chen and Nakamura, Yutaka and Brezzo, Bernard and Vo, Ivan and Esser, Steven K. and Appuswamy, Rathinakumar and Taba, Brian and Amir, Arnon and Flickner, Myron D. and Risk, William P. and Manohar, Rajit and Modha, Dharmendra S.},
  title = {A million spiking-neuron integrated circuit with a scalable communication network and interface},
  journal = {Science},
  volume = {345},
  number = {6197},
  pages = {668--673},
  year = {2014},
  doi = {10.1126/science.1254642}
}

@article{Christensen2022,
  author = {Christensen, Dan V. and Dittmann, Regina and Linares-Barranco, Bernabé and Sebastian, Abu and Le Gallo, Manuel and Redaelli, Andrea and Slesazeck, Stefan and Mikolajick, Thomas and Spiga, Sabina and Menzel, Stephan and Valov, Ilia and Milano, Gianluca and Ricciardi, Carlo and Xiong, Shi-Jun and Xiaodi, Liu and Francesca, Mario and Lanza, Mario and Tuissi, Ausonio and Bower, Allison Ferrenti and Agnus, Guillaume and Yoon, Jaeyeon and Yang, Chao and Stanley, Williams R. and Burr, Geoffrey W. and Markovic, Danijela and Santiago, Serrano-Gotarredona, Teresa and Linares-Barranco, Bernabé and Pinto, Teo and Litovski, Vanco and Rubén, Alejandro and Faria, Roberto and Occhipinti, Luigi and Adeyemo, Adedotun and Keim, Konstantin},
  title = {2022 roadmap on neuromorphic computing and engineering},
  journal = {Neuromorphic Computing and Engineering},
  volume = {2},
  number = {2},
  pages = {022501},
  year = {2022},
  doi = {10.1088/2634-4386/ac4a83}
}

@article{Bartolozzi2022,
  author = {Bartolozzi, Chiara and Indiveri, Giacomo and Donati, Elisa},
  title = {Embodied neuromorphic intelligence},
  journal = {Nature Communications},
  volume = {13},
  pages = {4287},
  year = {2022},
  doi = {10.1038/s41467-022-31822-2}
}

@article{Cordts2016,
  author = {Cordts, Marius and Omran, Mohamed and Ramos, Sebastian and Rehfeld, Timo and Enzweiler, Markus and Benenson, Rodrigo and Franke, Uwe and Roth, Stefan and Schiele, Bernt},
  title = {The Cityscapes Dataset for Semantic Urban Scene Understanding},
  journal = {Proceedings of the IEEE Conference on Computer Vision and Pattern Recognition (CVPR)},
  pages = {3213--3223},
  year = {2016},
  doi = {10.1109/CVPR.2016.350}
}

@article{Everingham2015,
  author = {Everingham, Mark and Eslami, S. M. Ali and Van Gool, Luc and Williams, Christopher K. I. and Winn, John and Zisserman, Andrew},
  title = {The Pascal Visual Object Classes Challenge: A Retrospective},
  journal = {International Journal of Computer Vision},
  volume = {111},
  number = {1},
  pages = {98--136},
  year = {2015},
  doi = {10.1007/s11263-014-0733-5}
}

@article{Caesar2018,
  author = {Caesar, Holger and Uijlings, Jasper and Ferrari, Vittorio},
  title = {COCO-Stuff: Thing and Stuff Classes in Context},
  journal = {Proceedings of the IEEE Conference on Computer Vision and Pattern Recognition (CVPR)},
  pages = {1209--1218},
  year = {2018},
  doi = {10.1109/CVPR.2018.00132}
}

@article{Zhou2019,
  author = {Zhou, Bolei and Zhao, Hang and Puig, Xavier and Xiao, Tete and Fidler, Sanja and Barriuso, Adela and Torralba, Antonio},
  title = {Semantic Understanding of Scenes Through the ADE20K Dataset},
  journal = {International Journal of Computer Vision},
  volume = {127},
  number = {3},
  pages = {302--321},
  year = {2019},
  doi = {10.1007/s11263-018-1140-0}
} 